
@online{17-howto-chatbotmagazine,
author  = {{Chatbots Magazine}},
title   = {{Contextual Chatbots with Tensorflow}},
url     = {https://chatbotsmagazine.com/contextual-chat-bots-with-tensorflow-4391749d0077},
urldate = {2022-06-19},
year    = {2017}
}
#   date    = {2017-05-07},  

@online{50-howto-techwithtim,
author  = {Loeber, Patrick},
title   = {{Implementation of a Contextual Chatbot in PyTorch}},
url     = {https://github.com/python-engineer/pytorch-chatbot},
urldate = {2022-08-27},
year    = {2020}
}



@book{51-fielding-rest,
author={Fielding, Roy Thomas},
year      = {2000},
title={Architectural styles and the design of network-based software architectures},
location  = {Irvine},
publisher={University of California}
}
